@book {htf:esl,
	AUTHOR = {Hastie, Trevor and Tibshirani, Robert and Friedman, Jerome},
	TITLE = {The elements of statistical learning},
	SUBTITLE = {Data mining, inference, and prediction},	
	SERIES = {Springer Series in Statistics},
	EDITION = {Second},
	PUBLISHER = {Springer, New York},
	YEAR = {2009},
	PAGES = {xxii+745},
	ISBN = {978-0-387-84857-0},
	MRCLASS = {62Gxx (62-09 62H25 62H30 62J07 68T05)},
	MRNUMBER = {2722294},
	MRREVIEWER = {Gilles Blanchard},
	DOI = {10.1007/978-0-387-84858-7},
	URL = {https://doi.org/10.1007/978-0-387-84858-7},
}

@article {ht:choice,
	AUTHOR = {Hardin, Christopher S. and Taylor, Alan D.},
	TITLE = {A peculiar connection between the axiom of choice and predicting the future},
	JOURNAL = {Amer. Math. Monthly},
	FJOURNAL = {American Mathematical Monthly},
	VOLUME = {115},
	YEAR = {2008},
	NUMBER = {2},
	PAGES = {91--96},
	ISSN = {0002-9890},
	MRCLASS = {03E25},
	MRNUMBER = {2384262},
	DOI = {10.1080/00029890.2008.11920502},
	URL = {https://doi.org/10.1080/00029890.2008.11920502},
}